<?xml version="1.0" encoding="UTF-8"?><collection xmlns="http://www.loc.gov/MARC21/slim"><record><leader>00395nam--2200145-i-4500</leader><controlfield tag="001">000027221</controlfield><controlfield tag="002">20161230</controlfield><controlfield tag="005">20161230201036</controlfield><controlfield tag="008">060222s1000------------r-----000-0-eng-d</controlfield><datafield ind1=" " ind2=" " tag="080"><subfield code="a">514.76</subfield></datafield><datafield ind1=" " ind2=" " tag="100"><subfield code="a">Kon, Masahiro And Yano, Kentaro</subfield></datafield><datafield ind1=" " ind2=" " tag="245"><subfield code="a">Cr submanifolds of kaehlerian and sasakian manifolds</subfield></datafield><datafield ind1=" " ind2=" " tag="260"><subfield code="a">Boston, Birkhauser, 1983. X + 208p</subfield></datafield><datafield ind1=" " ind2=" " tag="490"><subfield code="a">Progress In Math</subfield></datafield><datafield ind1=" " ind2=" " tag="852"><subfield code="a">70155</subfield></datafield></record></collection>